@Book{xie2015,
  title = {Dynamic Documents with {R} and knitr},
  author = {Yihui Xie},
  publisher = {Chapman and Hall/CRC},
  address = {Boca Raton, Florida},
  year = {2015},
  edition = {2nd},
  note = {ISBN 978-1498716963},
  url = {http://yihui.org/knitr/},
}

@Book{sascomstat,
  title = {Common Statistical Methods for Clinical Research with SAS Examples},
  author = {Walker, Glenn A. and Jack Shostak},
  publisher = {SAS Institute Inc.},
  address = {Cary, NC},
  year = {2010},
  edition = {3nd},
  note = {ISBN 978-1-60764-228-2},
  url = {http:support.sas.com},
}
